@inproceedings{AXFJP2012,
	author = {Atikoglu, Berk and Xu, Yuehai and Frachtenberg, Eitan and Jiang, Song and Paleczny, Mike},

	title = {Workload Analysis of a Large-scale Key-value Store},
	booktitle = {Proceedings of the 12th ACM SIGMETRICS/PERFORMANCE Joint International Conference on Measurement and Modeling of Computer Systems},
	series = {SIGMETRICS 2012},
	year = 2012,
	location = {London, England, UK},
	pages = {53--64},
	numpages = 12,
	doi = {10.1145/2254756.2254766},
	publisher = {ACM},
	address = {New York, NY, USA},
}

@inproceedings{Kapoor2012,
 author = {Kapoor, Rishi and Porter, George and Tewari, Malveeka and Voelker, Geoffrey M. and Vahdat, Amin},
 title = {Chronos: Predictable Low Latency for Data Center Applications},
 booktitle = {Proceedings of the Third ACM Symposium on Cloud Computing},
 series = {SoCC '12},
 year = {2012},
 isbn = {978-1-4503-1761-0},
 location = {San Jose, California},
 pages = {9:1--9:14},
 articleno = {9},
 numpages = {14},
 url = {http://doi.acm.org/10.1145/2391229.2391238},
 doi = {10.1145/2391229.2391238},
 acmid = {2391238},
 publisher = {ACM},
 address = {New York, NY, USA},
 keywords = {cloud computing, load balancing, predictable latency, user-level networking},
}

@inproceedings{Petrovic08,
 author = {Petrovic, Jure},
 title = {Using Memcached for Data Distribution in Industrial Environment},
 booktitle = {Proceedings of the Third International Conference on Systems},
 series = {ICONS '08},
 year = {2008},
 isbn = {978-0-7695-3105-2},
 pages = {368--372},
 numpages = {5},
 url = {http://dx.doi.org/10.1109/ICONS.2008.51},
 doi = {10.1109/ICONS.2008.51},
 acmid = {1396796},
 publisher = {IEEE Computer Society},
 address = {Washington, DC, USA},
 keywords = {distributed shared memory, industry, memcached, data exchange, distributed system, middleware, distributed cache},
} 

@article{memcached,
 author = {Fitzpatrick, Brad},
 title = {Distributed Caching with Memcached},
 journal = {Linux J.},
 issue_date = {August 2004},
 volume = {2004},
 number = {124},
 month = aug,
 year = {2004},
 issn = {1075-3583},
 pages = {5--},
 url = {http://dl.acm.org/citation.cfm?id=1012889.1012894},
 acmid = {1012894},
 publisher = {Belltown Media},
 address = {Houston, TX},
} 

@inproceedings{dynamo,
 author = {DeCandia, Giuseppe and Hastorun, Deniz and Jampani, Madan and Kakulapati, Gunavardhan and Lakshman, Avinash and Pilchin, Alex and Sivasubramanian, Swaminathan and Vosshall, Peter and Vogels, Werner},
 title = {Dynamo: Amazon's Highly Available Key-value Store},
 booktitle = {Proceedings of Twenty-first ACM SIGOPS Symposium on Operating Systems Principles},
 series = {SOSP '07},
 year = {2007},
 isbn = {978-1-59593-591-5},
 location = {Stevenson, Washington, USA},
 pages = {205--220},
 numpages = {16},
 url = {http://doi.acm.org/10.1145/1294261.1294281},
 doi = {10.1145/1294261.1294281},
 acmid = {1294281},
 publisher = {ACM},
 address = {New York, NY, USA},
 keywords = {performance, reliability, scalability},
}

@inproceedings{Reddi10,
 author = {Janapa Reddi, Vijay and Lee, Benjamin C. and Chilimbi, Trishul and Vaid, Kushagra},
 title = {Web Search Using Mobile Cores: Quantifying and Mitigating the Price of Efficiency},
 booktitle = {Proceedings of the 37th Annual International Symposium on Computer Architecture},
 series = {ISCA '10},
 year = {2010},
 isbn = {978-1-4503-0053-7},
 location = {Saint-Malo, France},
 pages = {314--325},
 numpages = {12},
 url = {http://doi.acm.org/10.1145/1815961.1816002},
 doi = {10.1145/1815961.1816002},
 acmid = {1816002},
 publisher = {ACM},
 address = {New York, NY, USA},
 keywords = {bing, energy efficiency, mobile cores, web search},
} 

@article{pcspma,
 title = {LogiCORE IP Ethernet 1000BASE-X PCS/PMA or SGMII v14.2},
 issue_date = {April 2014},
 year = {2014},
 url = {http://www.xilinx.com/support/documentation/ip_documentation/gig_ethernet_pcs_pma/v14_2/pg047-gig-eth-pcs-pma.pdf},
 publisher = {Xilinx, Inc.},
} 

@article{trimac,
 title = {LogiCORE IP Tri-Mode Ethernet MAC v8.2},
 issue_date = {April 2014},
 year = {2014},
 url = {http://www.xilinx.com/support/documentation/ip_documentation/tri_mode_ethernet_mac/v8_2/pg051-tri-mode-eth-mac.pdf},
 publisher = {Xilinx, Inc.},
} 

@article{xapp1082,
 author = {Srinivasa Attili, Sunita Jain, Sumanranjan Mitra},
 title = {PS and PL Ethernet Performance and Jumbo Frame Support with PL Ethernet in the Zynq-7000 AP SoC},
 issue_date = {August 2013},
 year = {2013},
 url = {http://www.xilinx.com/support/documentation/application_notes/xapp1082-zynq-eth.pdf},
 publisher = {Xilinx, Inc.},
}

@article{axi,
 title = {Vivado Design Suite, AXI Reference Guide},
 issue_date = {November 2014},
 year = {2014},
 url = {http://www.xilinx.com/support/documentation/ip_documentation/axi_ref_guide/latest/ug1037-vivado-axi-reference-guide.pdf},
 publisher = {Xilinx, Inc.},
}

@INPROCEEDINGS{rocket, 
author={Yunsup Lee and Waterman, A. and Avizienis, R. and Cook, H. and Chen Sun and Stojanovic, V. and Asanovic, K.}, 
booktitle={European Solid State Circuits Conference (ESSCIRC), ESSCIRC 2014 - 40th}, 
title={A 45nm 1.3GHz 16.7 double-precision GFLOPS/W RISC-V processor with vector accelerators}, 
year={2014}, 
month={Sept}, 
pages={199-202}, 
keywords={microprocessor chips;multiprocessing systems;IBM Blue Gene;IBM cell processor;Q processor;RISC-V scalar core;SOI process;custom vector accelerator;double precision GFLOPS/W RISC-V processor;dual core RISC-V processor;frequency 1.3 GHz;maximum clock frequency;open source RISC-V ISA;size 45 nm;voltage 0.65 V;voltage 1.2 V;Computer architecture;Field programmable gate arrays;Hazards;Pipelines;Random access memory;Rockets;Vectors}, 
doi={10.1109/ESSCIRC.2014.6942056}, 
ISSN={1930-8833},}


@inproceedings{rumbleHotOS,
 author = {Rumble, Stephen M. and Ongaro, Diego and Stutsman, Ryan and Rosenblum, Mendel and Ousterhout, John K.},
 title = {It's Time for Low Latency},
 booktitle = {Proceedings of the 13th USENIX Conference on Hot Topics in Operating Systems},
 series = {HotOS'13},
 year = {2011},
 location = {Napa, California},
 pages = {11--11},
 numpages = {1},
 url = {http://dl.acm.org/citation.cfm?id=1991596.1991611},
 acmid = {1991611},
 publisher = {USENIX Association},
 address = {Berkeley, CA, USA},
}


@inproceedings {memcachefacebook,
author = {Rajesh Nishtala and Hans Fugal and Steven Grimm and Marc Kwiatkowski and Herman Lee and Harry C. Li and Ryan McElroy and Mike Paleczny and Daniel Peek and Paul Saab and David Stafford and Tony Tung and Venkateshwaran Venkataramani},
title = {Scaling Memcache at Facebook},
booktitle = {Presented as part of the 10th USENIX Symposium on Networked Systems Design and Implementation (NSDI 13)},
year = {2013},
isbn = {978-1-931971-00-3},
address = {Lombard, IL},
pages = {385--398},
url = {https://www.usenix.org/conference/nsdi13/technical-sessions/presentation/nishtala},
publisher = {USENIX},
}


@inproceedings{memcachedappliance,
 author = {Chalamalasetti, Sai Rahul and Lim, Kevin and Wright, Mitch and AuYoung, Alvin and Ranganathan, Parthasarathy and Margala, Martin},
 title = {An FPGA Memcached Appliance},
 booktitle = {Proceedings of the ACM/SIGDA International Symposium on Field Programmable Gate Arrays},
 series = {FPGA '13},
 year = {2013},
 isbn = {978-1-4503-1887-7},
 location = {Monterey, California, USA},
 pages = {245--254},
 numpages = {10},
 url = {http://doi.acm.org/10.1145/2435264.2435306},
 doi = {10.1145/2435264.2435306},
 acmid = {2435306},
 publisher = {ACM},
 address = {New York, NY, USA},
 keywords = {FPGA, data centers, energy efficiency, low power, memcached appliance},
} 



@inproceedings{memcachedDRAMaccel,
 author = {Lim, Kevin and Meisner, David and Saidi, Ali G. and Ranganathan, Parthasarathy and Wenisch, Thomas F.},
 title = {Thin Servers with Smart Pipes: Designing SoC Accelerators for Memcached},
 booktitle = {Proceedings of the 40th Annual International Symposium on Computer Architecture},
 series = {ISCA '13},
 year = {2013},
 isbn = {978-1-4503-2079-5},
 location = {Tel-Aviv, Israel},
 pages = {36--47},
 numpages = {12},
 url = {http://doi.acm.org/10.1145/2485922.2485926},
 doi = {10.1145/2485922.2485926},
 acmid = {2485926},
 publisher = {ACM},
 address = {New York, NY, USA},
} 
